<?xml version="1.0" encoding="utf-8"?>
<record xmlns="http://www.loc.gov/MARC21/slim" xmlns:xsi="http://www.w3.org/2001/XMLSchema-instance" xsi:schemaLocation="http://www.loc.gov/MARC21/slim http://www.loc.gov/standards/marcxml/schema/MARC21slim.xsd">
	<leader>     nam a22     Mi 4500</leader>
	<controlfield tag="001">2843736</controlfield>
	<controlfield tag="003">NjP</controlfield>
	<controlfield tag="006">m        d        </controlfield>
	<controlfield tag="007">cr cn |||m|||a</controlfield>
	<controlfield tag="008">210331q18921899mr      o     000 0 ara d</controlfield>
	<datafield ind1=" " ind2=" " tag="040">
		<subfield code="a">ZYU</subfield>
		<subfield code="b">ara</subfield>
		<subfield code="e">rda</subfield>
		<subfield code="c">ZYU</subfield>
	</datafield>
	<datafield ind1="0" ind2="0" tag="245">
		<subfield code="6">880-01</subfield>
		<subfield code="a">Hadhih al-Qaṣīdah al-Baghdādīyah fī madḥ ashraf al-barrīyah /</subfield>
		<subfield code="c">lil-Shaykh Muḥammad ibn Rushd al-Baghdādī. Qāla al-Shaykh al-Imām al-ʻālim al-ʻallāmah al-humām Abū ʻAbd Allāh Sayyidī Muḥammad ibn Saʻīd ibn Ḥammād al-Būṣīrī [Kawkab al-durrīyah fī madḥ al-Muṣṭafá]. Qāla al-Shaykh al-Imām al-ʻālim al-ʻallāmah ... Muḥammad ibn Saʻīd ibn Ḥammād al-Būṣīrī [al-Hamzīyah wa-al-Burdah] ...</subfield>
	</datafield>
	<datafield ind1=" " ind2=" " tag="260">
		<subfield code="6">880-02</subfield>
		<subfield code="a">[al-Maghrib] :</subfield>
		<subfield code="b">[publisher not identified],</subfield>
		<subfield code="c">[189-]</subfield>
	</datafield>
	<datafield ind1=" " ind2=" " tag="300">
		<subfield code="a">online resource (1 volume (various pagings))</subfield>
	</datafield>
	<datafield ind1=" " ind2=" " tag="336">
		<subfield code="a">text</subfield>
		<subfield code="2">rdacontent</subfield>
	</datafield>
	<datafield ind1=" " ind2=" " tag="337">
		<subfield code="a">computer</subfield>
		<subfield code="2">rdamedia</subfield>
	</datafield>
	<datafield ind1=" " ind2=" " tag="338">
		<subfield code="a">online resource</subfield>
		<subfield code="2">rdacarrier</subfield>
	</datafield>
	<datafield ind1=" " ind2=" " tag="500">
		<subfield code="a">Contains: Hādhā al-Taqyīd al-mubārak al-faqīh al- ʻallāmah al-mushārik ... al-Tihāmī ibn al-Madanī ibn ʻAlī Jannūn. Hidāyat al-muḥibbīn ilá dhikr mawlid Sayyid al-Mursalīn / Muḥammad al-Tihāmī ibn al-Madanī ibn ʻAlī Gannūn.</subfield>
	</datafield>
	<datafield ind1=" " ind2=" " tag="500">
		<subfield code="a">Contains: Hādhihi Arbaʻūn ḥadīth fī faḍl al-ṣalāh ʻalá al-Nabī, ṣallá Allāh ʻalayhi wa-sallam / jamaʻahā Abū ʻAbd Allāh Muḥammad al-Tihāmī ibn al-Madanī ibn Jannūn. Wa-la-hu ayḍan ... Arbaʻūn ḥadīth fī faḍl yawm al-Jumʻah. Wa-la-hu ayḍan [Arbaʻūn ḥadīth fī al-zakāh]. Wa-la-hu ayḍan ... Arbaʻūn ḥadīth fī faḍl ḥajj bayt Allāh al-ḥarām.</subfield>
	</datafield>
	<datafield ind1=" " ind2=" " tag="500">
		<subfield code="a">Contains: Naṣīḥat al-muʼmin al-rashīd fī al-ḥaḍḍ ʻalá taʻallum ʻaqāʼid al-tawḥīd / al-Tihāmī ibn al-Madanī ibn ʻAlī Kannūn. Wa-la-hu ayḍan ... Arbaʻūn ḥadīth fī faḍl Lā ilāh illā Allāh. Qāla al-Shaykh al-Imām al-ʻallāmah al-humām al-walī al-ṣāliḥ Sayyidī Muḥammad ibn Yūsuf ibn ʻAmr ibn Shuʻayb al-Sanūsī al-Ḥasanī [al- ʻAqīdah al-ṣughrá].</subfield>
	</datafield>
	<datafield ind1=" " ind2=" " tag="500">
		<subfield code="a">No collective t.p.; titles transcribed from individual title pages.</subfield>
	</datafield>
	<datafield ind1=" " ind2=" " tag="500">
		<subfield code="a">Part of the Arabic Collections Online (ACO) project, contributed by Princeton University Libraries.</subfield>
	</datafield>
	<datafield ind1=" " ind2=" " tag="533">
		<subfield code="a">Electronic reproduction.</subfield>
		<subfield code="b">New York, N.Y. :</subfield>
		<subfield code="c">New York University,</subfield>
		<subfield code="d">2021.</subfield>
		<subfield code="5">NNU</subfield>
	</datafield>
	<datafield ind1=" " ind2="0" tag="650">
		<subfield code="a">Islamic poetry, Arabic.</subfield>
	</datafield>
	<datafield ind1=" " ind2="0" tag="650">
		<subfield code="a">Hadith.</subfield>
	</datafield>
	<datafield ind1=" " ind2="0" tag="650">
		<subfield code="a">Islam</subfield>
		<subfield code="x">Doctrines.</subfield>
	</datafield>
	<datafield ind1="0" ind2="0" tag="600">
		<subfield code="a">Muḥammad,</subfield>
		<subfield code="c">Prophet,</subfield>
		<subfield code="d">-632</subfield>
		<subfield code="v">Poetry.</subfield>
	</datafield>
	<datafield ind1="0" ind2="7" tag="600">
		<subfield code="a">Muḥammad,</subfield>
		<subfield code="c">Prophet,</subfield>
		<subfield code="d">-632.</subfield>
		<subfield code="2">fast</subfield>
		<subfield code="0">(OCoLC)fst01836298</subfield>
	</datafield>
	<datafield ind1=" " ind2="7" tag="650">
		<subfield code="a">Hadith.</subfield>
		<subfield code="2">fast</subfield>
		<subfield code="0">(OCoLC)fst00950112</subfield>
	</datafield>
	<datafield ind1=" " ind2="7" tag="650">
		<subfield code="a">Islam</subfield>
		<subfield code="x">Doctrines.</subfield>
		<subfield code="2">fast</subfield>
		<subfield code="0">(OCoLC)fst00979787</subfield>
	</datafield>
	<datafield ind1=" " ind2="7" tag="650">
		<subfield code="a">Islamic poetry, Arabic.</subfield>
		<subfield code="2">fast</subfield>
		<subfield code="0">(OCoLC)fst00980001</subfield>
	</datafield>
	<datafield ind1=" " ind2="7" tag="655">
		<subfield code="a">Poetry.</subfield>
		<subfield code="2">fast</subfield>
		<subfield code="0">(OCoLC)fst01423828</subfield>
	</datafield>
	<datafield ind1=" " ind2="7" tag="655">
		<subfield code="a">Lithographs</subfield>
		<subfield code="z">Morocco.</subfield>
		<subfield code="2">gmgpc</subfield>
	</datafield>
	<datafield ind1="1" ind2="2" tag="700">
		<subfield code="6">880-03</subfield>
		<subfield code="a">Witrī, Muḥammad ibn Rashīd,</subfield>
		<subfield code="d">-1263 or 1264.</subfield>
		<subfield code="t">Qaṣīdah fī madḥ ashraf al-barrīyah.</subfield>
	</datafield>
	<datafield ind1="1" ind2="2" tag="700">
		<subfield code="6">880-04</subfield>
		<subfield code="a">Būṣīrī, Sharaf al-Dīn Muḥammad ibn Saʻīd,</subfield>
		<subfield code="d">1213?-1296?</subfield>
		<subfield code="t">Works.</subfield>
		<subfield code="k">Selections.</subfield>
		<subfield code="f">1890.</subfield>
	</datafield>
	<datafield ind1="1" ind2="2" tag="700">
		<subfield code="6">880-05</subfield>
		<subfield code="a">Gannūn, Muḥammad al-Tihāmī.</subfield>
		<subfield code="t">Works.</subfield>
		<subfield code="k">Selections.</subfield>
		<subfield code="f">1890.</subfield>
	</datafield>
	<datafield ind1="1" ind2="2" tag="700">
		<subfield code="6">880-06</subfield>
		<subfield code="a">Sanūsī, Muḥammad ibn Yūsuf,</subfield>
		<subfield code="d">approximately 1427-approximately 1490.</subfield>
		<subfield code="t">ʻAqīdah al-ṣughrá.</subfield>
	</datafield>
	<datafield ind1="2" ind2=" " tag="710">
		<subfield code="a">Princeton University.</subfield>
		<subfield code="b">Library.</subfield>
	</datafield>
	<datafield ind1="0" ind2=" " tag="730">
		<subfield code="a">Arabic Collections Online.</subfield>
	</datafield>
	<datafield ind1="0" ind2=" " tag="740">
		<subfield code="6">880-07</subfield>
		<subfield code="a">Qaṣīdah fī madḥ ashraf al-barrīyah.</subfield>
	</datafield>
	<datafield ind1="0" ind2=" " tag="740">
		<subfield code="6">880-08</subfield>
		<subfield code="a">ʻAqīdah al-ṣughrá.</subfield>
	</datafield>
	<datafield ind1="0" ind2="8" tag="776">
		<subfield code="i">Online version:</subfield>
		<subfield code="t">Hādhā al-Qaṣīdah al-Baghdādīyah fī madḥ ashraf al-barrīyah.</subfield>
		<subfield code="d">[Morocco : s.n., 189-]</subfield>
		<subfield code="w">(OCoLC)657135902</subfield>
	</datafield>
	<datafield ind1="0" ind2="8" tag="776">
		<subfield code="i">Print version:</subfield>
		<subfield code="t">Hadhih al-Qaṣīdah al-Baghdādīyah fī madḥ ashraf al-barrīyah</subfield>
		<subfield code="w">(NjP)2843736</subfield>
		<subfield code="w">(OCoLC)78560710</subfield>
	</datafield>
	<datafield ind1="4" ind2="0" tag="856">
		<subfield code="u">http://hdl.handle.net/2333.1/c2fqzh5w</subfield>
	</datafield>
	<datafield ind1="0" ind2="0" tag="880">
		<subfield code="6">245-01</subfield>
		<subfield code="a">هذه القصيدة البغدادية في مدح اشرف البرية /</subfield>
		<subfield code="c">للشيخ محمد بن رشد البغدادي. قال الشيخ الامام العال العلامة الهمام ابو عبد الله سيدي محمد بن سعيد بن حماد البوصيري [كوكب الدرية في مدح المصطفى]. قال الشيخ الامام العالم العلامة ... محمد بن سعيد بن حماد البوصيري [الهمزية والبردة] ...</subfield>
	</datafield>
	<datafield ind1=" " ind2=" " tag="880">
		<subfield code="6">260-02</subfield>
		<subfield code="a">[المغرب] :</subfield>
		<subfield code="b">[publisher not identified],</subfield>
		<subfield code="c">[189-]</subfield>
	</datafield>
	<datafield ind1="1" ind2="2" tag="880">
		<subfield code="6">700-03</subfield>
		<subfield code="a">وتري، محمد بن رشيد،</subfield>
		<subfield code="d">-1263 or 1264.</subfield>
		<subfield code="t">قصيدة في مدح اشرف البرية.</subfield>
	</datafield>
	<datafield ind1="1" ind2="2" tag="880">
		<subfield code="6">700-04</subfield>
		<subfield code="a">بوصيري، شرف الدين محمد بن سعيد،</subfield>
		<subfield code="d">1213?-1296?</subfield>
		<subfield code="t">Works.</subfield>
		<subfield code="k">Selections.</subfield>
		<subfield code="f">1890.</subfield>
	</datafield>
	<datafield ind1="1" ind2="2" tag="880">
		<subfield code="6">700-05</subfield>
		<subfield code="a">گنون، محمد التهامي.</subfield>
		<subfield code="t">Works.</subfield>
		<subfield code="k">Selections.</subfield>
		<subfield code="f">1890.</subfield>
	</datafield>
	<datafield ind1="1" ind2="2" tag="880">
		<subfield code="6">700-06</subfield>
		<subfield code="a">سنوسي، محمد بن يوسف،</subfield>
		<subfield code="d">approximately 1427-approximately 1490.</subfield>
		<subfield code="t">عقيدة الصغرى.</subfield>
	</datafield>
	<datafield ind1="0" ind2=" " tag="880">
		<subfield code="6">740-07</subfield>
		<subfield code="a">قصيدة في مدح اشرف البرية.</subfield>
	</datafield>
	<datafield ind1="0" ind2=" " tag="880">
		<subfield code="6">740-08</subfield>
		<subfield code="a">عقيدة الصغرى.</subfield>
	</datafield>
	<datafield ind1=" " ind2=" " tag="959">
		<subfield code="a">NNU</subfield>
		<subfield code="b">WEB</subfield>
		<subfield code="c">GENI</subfield>
		<subfield code="t">0</subfield>
		<subfield code="m">Electronic access</subfield>
		<subfield code="s">01</subfield>
	</datafield>
	<datafield ind1=" " ind2=" " tag="999">
		<subfield code="i">NjP_2843736</subfield>
		<subfield code="o">(OCoLC)ocm78560710</subfield>
		<subfield code="s">princeton_aco004848:</subfield>
		<subfield code="e">(ERROR-MISC)</subfield>
		<subfield code="s">princeton_aco004848:</subfield>
	</datafield>
</record>
